
@book{bringhurst,
  title={The Elements of Typographic Style},
  author={Bringhurst, Robert},
  year={1992},
  publisher={Hartley \& Marks Vancouver, BC}
}

@book{tufte,
  title={The visual display of quantitative information},
  author={Tufte, Edward R and Graves-Morris, PR},
  volume={2},
  year={1983},
  publisher={Graphics press Cheshire, CT}
}

@article{newton,
  title={Principia mathematica (1687)},
  author={Newton, Isaac},
  journal={HAWKING, S. O universo numa casca de},
  year={1962}
}

@article{darwin,
  title={On the origin of species by means of natural selection. 1859},
  author={Darwin, Charles},
  journal={See also: http://www. literature. org/authors/darwin-charles/the-origin-ofspecies},
  year={1968}
}

@book{russell,
  title={Principia mathematica},
  author={Russell, Bertrand and Whitehead, Alfred North},
  year={1968},
  publisher={Cambridge University Press}
}